@article{ciliberto2009market,
  title={Market structure and multiple equilibria in airline markets},
  author={Ciliberto, Federico and Tamer, Elie},
  journal={Econometrica},
  volume={77},
  number={6},
  pages={1791--1828},
  year={2009},
  publisher={Wiley Online Library}
}


@article{pakes2015moment,
  title={Moment inequalities and their application},
  author={Pakes, Ariel and Porter, Jack and Ho, Kate and Ishii, Joy},
  journal={Econometrica},
  volume={83},
  number={1},
  pages={315--334},
  year={2015},
  publisher={Wiley Online Library}
}


@article{pakes2010alternative,
  title={Alternative models for moment inequalities},
  author={Pakes, Ariel},
  journal={Econometrica},
  volume={78},
  number={6},
  pages={1783--1822},
  year={2010},
  publisher={Wiley Online Library}
}


@article{ichimura1993semiparametric,
  title={Semiparametric least squares (SLS) and weighted SLS estimation of single-index models},
  author={Ichimura, Hidehiko},
  journal={Journal of Econometrics},
  volume={58},
  number={1-2},
  pages={71--120},
  year={1993},
  publisher={Elsevier}
}

@article{tamer2003incomplete,
  title={Incomplete simultaneous discrete response model with multiple equilibria},
  author={Tamer, Elie},
  journal={The Review of Economic Studies},
  volume={70},
  number={1},
  pages={147--165},
  year={2003},
  publisher={Oxford University Press}
}

@article{andrews2004confidence,
  title={Confidence regions for parameters in discrete games with multiple equilibria, with an application to discount chain store location},
  author={Andrews, Donald WK and Berry, Steven and Jia, Panle},
  journal={manuscript, Yale University},
  year={2004}
}

@article{ellickson2013estimating,
  title={Estimating network economies in retail chains: a revealed preference approach},
  author={Ellickson, Paul B and Houghton, Stephanie and Timmins, Christopher},
  journal={The RAND Journal of Economics},
  volume={44},
  number={2},
  pages={169--193},
  year={2013},
  publisher={Wiley Online Library}
}


@article{ho2014hospital,
  title={Hospital choices, hospital prices, and financial incentives to physicians},
  author={Ho, Kate and Pakes, Ariel},
  journal={The American Economic Review},
  volume={104},
  number={12},
  pages={3841--3884},
  year={2014},
  publisher={American Economic Association}
}


@article{ishii2008compatibility,
  title={Compatibility, competition, and investment in network industries: ATM networks in the banking industry},
  author={Ishii, Joy},
  journal={Standford University WP},
  year={2008}
}


@article{ho2009insurer,
  title={Insurer-provider networks in the medical care market},
  author={Ho, Katherine},
  journal={The American Economic Review},
  volume={99},
  number={1},
  pages={393--430},
  year={2009},
  publisher={American Economic Association}
}


@article{eizenberg2014upstream,
  title={Upstream innovation and product variety in the us home pc market},
  author={Eizenberg, Alon},
  journal={The Review of Economic Studies},
  volume={81},
  number={3},
  pages={1003--1045},
  year={2014},
  publisher={Oxford University Press}
 
}



@article{andrews2013inference,
  title={Inference based on conditional moment inequalities},
  author={Andrews, Donald WK and Shi, Xiaoxia},
  journal={Econometrica},
  volume={81},
  number={2},
  pages={609--666},
  year={2013},
  publisher={Wiley Online Library}
}



@article{chernozhukov2007estimation,
  title={Estimation and confidence regions for parameter sets in econometric models},
  author={Chernozhukov, Victor and Hong, Han and Tamer, Elie},
  journal={Econometrica},
  volume={75},
  number={5},
  pages={1243--1284},
  year={2007},
  publisher={Wiley Online Library}
}



